@article{MontgomeryWeatherby,
  title={Modeling and forecasting time series using transfer function and intervention methods},
  author={Montgomery, Douglas C and Weatherby, Ginner},
  journal={AIIE Transactions},
  volume={12},
  number={4},
  pages={289--307},
  year={1980},
  publisher={Taylor \& Francis}
}

@article{EngleGranger,
  title={Co-integration and error correction: representation, estimation, and testing},
  author={Engle, Robert F and Granger, Clive WJ},
  journal={Econometrica: journal of the Econometric Society},
  pages={251--276},
  year={1987},
  publisher={JSTOR}
}

@article{BalliuKing,
  title={What Drives Movements in Exchange Rates?},
  author={Bailliu, Jeannine and King, Michael R and others},
  journal={Bank of Canada Review},
  volume={2005},
  number={Autumn},
  pages={27--39},
  year={2005},
  publisher={Bank of Canada}
}

@article{Dornbusch,
  title={Expectations and exchange rate dynamics},
  author={Dornbusch, Rudiger},
  journal={Journal of political Economy},
  volume={84},
  number={6},
  pages={1161--1176},
  year={1976},
  publisher={The University of Chicago Press}
}

@article{frenkel1976monetary,
  title={A monetary approach to the exchange rate: doctrinal aspects and empirical evidence},
  author={Frenkel, Jacob A},
  journal={The scandinavian Journal of economics},
  pages={200--224},
  year={1976},
  publisher={JSTOR}
}

@article{frenkel1976monetary,
  title={A monetary approach to the exchange rate: doctrinal aspects and empirical evidence},
  author={Frenkel, Jacob A},
  journal={The scandinavian Journal of economics},
  pages={200--224},
  year={1976},
  publisher={JSTOR}
}


@article{Frenkel1976,
  title={A monetary approach to the exchange rate: doctrinal aspects and empirical evidence},
  author={Frenkel, Jacob A},
  journal={The scandinavian Journal of economics},
  pages={200--224},
  year={1976},
  publisher={JSTOR}
}

@article{HooperMorton1982,
  title={Fluctuations in the dollar: A model of nominal and real exchange rate determination},
  author={Hooper, Peter and Morton, John},
  journal={Journal of international money and finance},
  volume=1,
  pages={39--56},
  year=1982,
  publisher={Elsevier}
}

@article{MeeseRogoffa,
  title={Empirical exchange rate models of the seventies: Do they fit out of sample?},
  author={Meese, Richard A and Rogoff, Kenneth},
  journal={Journal of international economics},
  volume={14},
  number={1-2},
  pages={3--24},
  year={1983},
  publisher={Elsevier}
}

@incollection{MeeseRogoffb,
  title={The out-of-sample failure of empirical exchange rate models: sampling error or misspecification?},
  author={Meese, Richard and Rogoff, Kenneth},
  booktitle={Exchange rates and international macroeconomics},
  pages={67--112},
  year={1983},
  publisher={University of Chicago Press}
}

@incollection{Mussa1976,
  title={The exchange rate, the balance of payments and monetary and fiscal policy under a regime of controlled floating},
  author={Mussa, Michael},
  booktitle={Flexible Exchange Rates and Stabilization Policy},
  pages={97--116},
  year={1977},
  publisher={Springer}
}

@article{Simsa,
  title={Seasonality in regression},
  author={Sims, Christopher A},
  journal={Journal of the American Statistical Association},
  volume={69},
  number={347},
  pages={618--626},
  year={1974},
  publisher={Taylor \& Francis}
}

@article{Simsb,
  title={Distributed lags},
  author={Sims, Christopher A},
  year={1973},
  publisher={Center for Economic Research, Department of Economics, University of Minnesota}
}

@article{CanovaHansen,
  title={Are seasonal patterns constant over time? A test for seasonal stability},
  author={Canova, Fabio and Hansen, Bruce E},
  journal={Journal of Business \& Economic Statistics},
  volume={13},
  number={3},
  pages={237--252},
  year={1995},
  publisher={Taylor \& Francis Group}
}

@article{WangSmith,
  title={Characteristic-based clustering for time series data},
  author={Wang, Xiaozhe and Smith, Kate and Hyndman, Rob},
  journal={Data mining and knowledge Discovery},
  volume={13},
  number={3},
  pages={335--364},
  year={2006},
  publisher={Springer}
}

@article{Tustin,
  title={The mechanism of economic systems},
  author={Tustin, Arnold},
  year={1957}
}

@article{Sims1980,
  title={Macroeconomics and reality},
  author={Sims, Christopher A},
  journal={Econometrica: journal of the Econometric Society},
  pages={1--48},
  year={1980},
  publisher={JSTOR}
}

@article{GilAlanaRobinson,
  title={Testing of unit root and other nonstationary hypotheses in macroeconomic time series},
  author={Gil-Alana, Luis A and Robinson, Peter M},
  journal={Journal of Econometrics},
  volume={80},
  number={2},
  pages={241--268},
  year={1997},
  publisher={Elsevier}
}

@article{Johansen,
  title={Estimation and hypothesis testing of cointegration vectors in Gaussian vector autoregressive models},
  author={Johansen, S{\o}ren},
  journal={Econometrica: journal of the Econometric Society},
  pages={1551--1580},
  year={1991},
  publisher={JSTOR}
}

@article{Phillips,
  title={Understanding spurious regressions in econometrics},
  author={Phillips, Peter CB},
  journal={Journal of econometrics},
  volume={33},
  number={3},
  pages={311--340},
  year={1986},
  publisher={Elsevier}
}

@incollection{MincerZarnowitz,
  title={The evaluation of economic forecasts},
  author={Mincer, Jacob A and Zarnowitz, Victor},
  booktitle={Economic forecasts and expectations: Analysis of forecasting behavior and performance},
  pages={3--46},
  year={1969},
  publisher={NBER}
}

@article{HansenMCS,
  title={The model confidence set},
  author={Hansen, Peter R and Lunde, Asger and Nason, James M},
  journal={Econometrica},
  volume={79},
  number={2},
  pages={453--497},
  year={2011},
  publisher={Wiley Online Library}
}

@article{HansenSPA,
  title={A test for superior predictive ability},
  author={Hansen, Peter Reinhard},
  journal={Journal of Business \& Economic Statistics},
  volume={23},
  number={4},
  pages={365--380},
  year={2005},
  publisher={Taylor \& Francis}
}

@article{Westerfield,
  title={An examination of foreign exchange risk under fixed and floating rate regimes},
  author={Westerfield, Janice Moulton},
  journal={Journal of International Economics},
  volume={7},
  number={2},
  pages={181--200},
  year={1977},
  publisher={Elsevier}
}

@article{DickeyFuller,
  title={Distribution of the estimators for autoregressive time series with a unit root},
  author={Dickey, David A and Fuller, Wayne A},
  journal={Journal of the American statistical association},
  volume={74},
  number={366a},
  pages={427--431},
  year={1979},
  publisher={Taylor \& Francis}
}

@article{QuinnHannan,
  title={The determination of the order of an autoregression},
  author={Hannan, Edward J and Quinn, Barry G},
  journal={Journal of the Royal Statistical Society: Series B (Methodological)},
  volume={41},
  number={2},
  pages={190--195},
  year={1979},
  publisher={Wiley Online Library}
}

@article{Schwarz,
  title={Estimating the dimension of a model},
  author={Schwarz, Gideon and others},
  journal={The annals of statistics},
  volume={6},
  number={2},
  pages={461--464},
  year={1978},
  publisher={Institute of Mathematical Statistics}
}

@incollection{Akaike,
  title={Information theory and an extension of the maximum likelihood principle},
  author={Akaike, Hirotogu},
  booktitle={Selected papers of hirotugu akaike},
  pages={199--213},
  year={1998},
  publisher={Springer}
}

@article{KuglerKrager,
  title={Non-linearities in foreign exchange markets: a different perspective},
  author={Kr{\"a}ger, Horst and Kugler, Peter},
  journal={Journal of International Money and Finance},
  volume={12},
  number={2},
  pages={195--208},
  year={1993},
  publisher={Elsevier}
}

@inproceedings{Lucas,
  title={Econometric policy evaluation: A critique},
  author={Lucas, Robert E and others},
  booktitle={Carnegie-Rochester conference series on public policy},
  volume={1},
  number={1},
  pages={19--46},
  year={1976}
}

@article{Hsieh,
  title={A nonlinear stochastic rational expectations model of exchange rates},
  author={Hsieh, David A},
  journal={Journal of International Money and Finance},
  volume={11},
  number={3},
  pages={235--250},
  year={1992},
  publisher={Elsevier}
}

@article{Chinn,
  title={Some linear and nonlinear thoughts on exchange rates},
  author={Chinn, Menzie David},
  journal={Journal of International Money and Finance},
  volume={10},
  number={2},
  pages={214--230},
  year={1991},
  publisher={Elsevier}
}

@article{TaylorTaylor,
  title={The purchasing power parity debate},
  author={Taylor, Alan M and Taylor, Mark P},
  journal={Journal of economic perspectives},
  volume={18},
  number={4},
  pages={135--158},
  year={2004}
}

@incollection{FrenkelGalliGiovannini,
  title={Introduction to" The Microstructure of Foreign Exchange Markets"},
  author={Frankel, Jeffrey A and Galli, Giampaolo and Giovannini, Alberto},
  booktitle={The Microstructure of Foreign Exchange Markets},
  pages={1--18},
  year={1996},
  publisher={University of Chicago Press}
}

@book{Lyons,
  title={The microstructure approach to exchange rates},
  author={Lyons, Richard K and others},
  volume={333},
  year={2001},
  publisher={Citeseer}
}

@book{SarnoTaylor,
  title={The microstructure of the foreign-exchange market: a selective survey of the literature},
  author={Sarno, Lucio and Taylor, Mark P},
  volume={89},
  year={2001},
  publisher={International Economics Section, Department of Economics, Princeton}
}

@techreport{EngleHamilton,
  title={Long swings in the exchange rate: Are they in the data and do markets know it?},
  author={Engel, Charles and Hamilton, James D},
  year={1989},
  institution={National Bureau of Economic Research}
}

@article{BreimanFriedman,
  title={Estimating optimal transformations for multiple regression and correlation},
  author={Breiman, Leo and Friedman, Jerome H},
  journal={Journal of the American statistical Association},
  volume={80},
  number={391},
  pages={580--598},
  year={1985},
  publisher={Taylor \& Francis Group}
}

@article{AudrinoBuhlmann,
  title={Tree-structured generalized autoregressive conditional heteroscedastic models},
  author={Audrino, Francesco and B{\"u}hlmann, Peter},
  journal={Journal of the Royal Statistical Society: Series B (Statistical Methodology)},
  volume={63},
  number={4},
  pages={727--744},
  year={2001},
  publisher={Wiley Online Library}
}

@article{Hamilton,
  title={A new approach to the economic analysis of nonstationary time series and the business cycle},
  author={Hamilton, James D},
  journal={Econometrica: Journal of the Econometric Society},
  pages={357--384},
  year={1989},
  publisher={JSTOR}
}

@book{SETAR_Tong,
  title={Threshold models in non-linear time series analysis},
  author={Tong, Howell},
  volume={21},
  year={2012},
  publisher={Springer Science \& Business Media}
}

@book{Breiman,
  title={Classification and regression trees},
  author={Breiman, Leo},
  year={2017},
  publisher={Routledge}
}


@article{Cavanough,
  title={Unifying the derivations for the Akaike and corrected Akaike information criteria},
  author={Cavanaugh, Joseph E},
  journal={Statistics \& Probability Letters},
  volume={33},
  number={2},
  pages={201--208},
  year={1997},
  publisher={Elsevier}
}

@book{Mcquarrie,
  title={Regression and time series model selection},
  author={McQuarrie, Allan DR and Tsai, Chih-Ling},
  year={1998},
  publisher={World Scientific}
}

@article{Nerlove,
  title={Spectral analysis of seasonal adjustment procedures},
  author={Nerlove, Marc},
  journal={Econometrica: Journal of the Econometric Society},
  pages={241--286},
  year={1964},
  publisher={JSTOR}
}

@article{Saxonhouse,
  title={The bubble and the lost decade},
  author={Saxonhouse, Gary R and Stern, Robert M},
  journal={World Economy},
  volume={26},
  number={3},
  pages={267--281},
  year={2003},
  publisher={Wiley Online Library}
}

@article{Puhani,
  title={The rise and fall of Swiss unemployment: Relative demand shocks, wage rigidities, and temporary immigrants},
  author={Puhani, Patrick A},
  year={2003},
  publisher={IZA Discussion Paper}
}

@article{RanaldoSoderlind,
  title={Safe haven currencies},
  author={Ranaldo, Angelo and S{\"o}derlind, Paul},
  journal={Review of finance},
  volume={14},
  number={3},
  pages={385--407},
  year={2010},
  publisher={Oxford University Press}
}

@article{BaillieSelover,
  title={Cointegration and models of exchange rate determination},
  author={Baillie, Richard T and Selover, David D},
  journal={International Journal of Forecasting},
  volume={3},
  number={1},
  pages={43--51},
  year={1987},
  publisher={Elsevier}
}

@article{MeeseRose,
  title={An empirical assessment of non-linearities in models of exchange rate determination},
  author={Meese, Richard A and Rose, Andrew K},
  journal={The Review of Economic Studies},
  volume={58},
  number={3},
  pages={603--619},
  year={1991},
  publisher={Wiley-Blackwell}
}

@article{Hisieh,
  title={Testing for nonlinear dependence in daily foreign exchange rates},
  author={Hsieh, David A},
  journal={Journal of Business},
  volume={62},
  number={3},
  year={1989}
}

@article{DomowitzHakkio,
  title={Conditional variance and the risk premium in the foreign exchange market},
  author={Domowitz, Ian and Hakkio, Craig S},
  journal={Journal of international Economics},
  volume={19},
  number={1-2},
  pages={47--66},
  year={1985},
  publisher={Elsevier}
}

@article{DieboldPauly,
  title={Endogenous risk in a rational-expectations portfolio-balance model of the deutschemark/dollar rate},
  author={Diebold, Francis X and Pauly, Peter},
  journal={European Economic Review},
  volume={32},
  number={1},
  pages={27--54},
  year={1988}
}